@article{guyon_jmlr03,
 author = {Guyon, Isabelle and Elisseeff, Andr{\'e}},
 title = {An Introduction to Variable and Feature Selection},
 journal = {J. Mach. Learn. Res.},
 volume = {3},
 month = {March},
 year = {2003},
 pages = {1157--1182}
} 

@phdthesis{Hall1998,
    address = {Hamilton, New Zealand},
    author = {M. A. Hall},
    school = {University of Waikato},
    title = {Correlation-based Feature Subset Selection for Machine Learning},
    year = {1998}
 }

@article{Robnik-Sikonja2003,
 author = {Robnik-Sikonja, M. and Kononenko, I.},
 title = {Theoretical and Empirical Analysis of ReliefF and RReliefF},
 journal = {Machine Learning},
 volume = {53},
 year = {2003},
 pages = {23-69}
} 

@article{peng2005,
 author = {H. Peng and F. Long and C. Ding},
 title = {Feature selection based on mutual
information: Criteria of max-dependency, max-relevance,
and min-redundancy},
 journal = {Pattern Analysis and Machine Intelligence, IEEE Transactions},
 volume = {27},
issue = {8},
 year = {2005},
 pages = {1226-1238}
} 

@misc{Bache+Lichman:2013 ,
author = "K. Bache and M. Lichman",
year = "2013",
title = "{UCI} Machine Learning Repository",
url = "http://archive.ics.uci.edu/ml",
institution = "University of California, Irvine, School of Information and Computer Sciences" 
}

@article{REF08a,
  author = 	 {Rong-En Fan and Kai-Wei Chang and Cho-Jui Hsieh and Xiang-Rui Wang and Chih-Jen Lin},
  title = 	 {{LIBLINEAR}: A Library for Large Linear Classification},
  journal = 	 {Journal of Machine Learning Research},
  year = 	 {2008},
  volume =	 {9},
  pages =	 {1871--1874}
}

@article{weka,
 author = {Mark Hall and Eibe Frank and Geoffrey Holmes and Bernhard Pfahringer and Peter Reutemann and Ian H. Witten},
 title = {The WEKA Data Mining Software: An Update},
 journal = {SIGKDD Explorations},
 volume = {11},
issue = {1},
 year = {2009}
} 

@article{guyon2003introduction,
  title={An introduction to variable and feature selection},
  author={Guyon, Isabelle and Elisseeff, Andr{\'e}},
  journal={The Journal of Machine Learning Research},
  volume={3},
  pages={1157--1182},
  year={2003},
  publisher={JMLR. org}
}

@inproceedings{kira1992feature,
  title={The Feature Selection Problem: Traditional Methods and a new Algorithm},
  author={Kira, Kenji and Rendell, Larry A},
  booktitle={AAAI},
  pages={129--134},
  year={1992}
}

@inproceedings{yu2003feature,
  title={Feature Selection for High-Dimensional Data: A Fast Correlation-Based Filter Solution},
  author={Yu, Lei and Liu, Huan},
  booktitle={ICML},
  volume={3},
  pages={856--863},
  year={2003}
}

@article{guyon2002gene,
  title={Gene selection for cancer classification using support vector machines},
  author={Guyon, Isabelle and Weston, Jason and Barnhill, Stephen and Vapnik, Vladimir},
  journal={Machine learning},
  volume={46},
  number={1-3},
  pages={389--422},
  year={2002},
  publisher={Springer}
}

@article{brown2012conditional,
  title={Conditional Likelihood Maximisation: A Unifying Framework for Information Theoretic Feature Selection},
  author={Brown, Gavin and Pocock, Adam and Zhao, Ming-Jie and Luj{\'a}n, Mikel},
  journal={The Journal of Machine Learning Research},
  volume={13},
  pages={27--66},
  year={2012},
  publisher={JMLR. org}
}
