@article{guyon_jmlr03,
 author = {Guyon, Isabelle and Elisseeff, Andr{\'e}},
 title = {An Introduction to Variable and Feature Selection},
 journal = {J. Mach. Learn. Res.},
 volume = {3},
 month = {March},
 year = {2003},
 pages = {1157--1182}
} 
@phdthesis{Hall1998,
    address = {Hamilton, New Zealand},
    author = {M. A. Hall},
    school = {University of Waikato},
    title = {Correlation-based Feature Subset Selection for Machine Learning},
    year = {1998}
 }
@article{Robnik-Sikonja2003,
 author = {Robnik-Sikonja, M. and Kononenko, I.},
 title = {Theoretical and Empirical Analysis of ReliefF and RReliefF},
 journal = {Machine Learning},
 volume = {53},
 year = {2003},
 pages = {23-69}
} 
@article{peng2005,
 author = {Peng, H., Long, F., and Ding, C.},
 title = {Feature selection based on mutual
information: Criteria of max-dependency, max-relevance,
and min-redundancy},
 journal = {Pattern Analysis and Machine Intelligence, IEEE Transactions},
 volume = {27},
issue = {8},
 year = {2005},
 pages = {1226-1238}
} 
@misc{Bache+Lichman:2013 ,
author = "K. Bache and M. Lichman",
year = "2013",
title = "{UCI} Machine Learning Repository",
url = "http://archive.ics.uci.edu/ml",
institution = "University of California, Irvine, School of Information and Computer Sciences" 
}
@article{REF08a,
  author = 	 {Rong-En Fan and Kai-Wei Chang and Cho-Jui Hsieh and Xiang-Rui Wang and Chih-Jen Lin},
  title = 	 {{LIBLINEAR}: A Library for Large Linear Classification},
  journal = 	 {Journal of Machine Learning Research},
  year = 	 {2008},
  volume =	 {9},
  pages =	 {1871--1874}
}
@article{weka,
 author = {Mark Hall, Eibe Frank, Geoffrey Holmes, Bernhard Pfahringer, Peter Reutemann, Ian H. Witten},
 title = {The WEKA Data Mining Software: An Update},
 journal = {SIGKDD Explorations},
 volume = {11},
issue = {1},
 year = {2009}
} 


